@techreport{univote_spec,
	Author = {{R. Haenni, R. Koenig, S. Hauser, P. von Bergen, P. Locher, S. Fischli }},
	Title = {{UniVote System Specification}},
	Year = {2014}}